@article{Spears2016,
keywords={normal},
  doi = {10.1186/s40192-016-0045-4},
  url = {https://doi.org/10.1186/s40192-016-0045-4},
  year = {2016},
  month = feb,
  publisher = {Springer Science and Business Media {LLC}},
  volume = {5},
  number = {1},
  pages = {16--40},
  author = {Thomas G. Spears and Scott A. Gold},
  title = {In-process sensing in selective laser melting ({SLM}) additive manufacturing},
  journal = {Integrating Materials and Manufacturing Innovation}
}
@article{YI2021524,
keywords={normal},
title = {Effect of powder reuse on powder characteristics and properties of Inconel 718 parts produced by selective laser melting},
journal = {Journal of Materials Research and Technology},
volume = {13},
pages = {524-533},
year = {2021},
issn = {2238-7854},
doi = {10.1016/j.jmrt.2021.04.091},
url = {https://www.sciencedirect.com/science/article/pii/S223878542100435X},
author = {Feng Yi and Qingjun Zhou and Chen Wang and Zhenyu Yan and Binbin Liu},
}
@article{BHATIA20231060,
keywords={normal},
title = {Additive manufacturing materials, methods and applications: A review},
journal = {Materials Today: Proceedings},
volume = {81},
pages = {1060-1067},
year = {2023},
note = {International Virtual Conference on Sustainable Materials (IVCSM-2k20)},
issn = {2214-7853},
doi = {10.1016/j.matpr.2021.04.379},
url = {https://www.sciencedirect.com/science/article/pii/S2214785321032995},
author = {Akash Bhatia and Anuj Kumar Sehgal},
}
@article{ZAKRZEWSKI2020115,
keywords={normal},
title = {Dimensional Analysis of the Effect of SLM Parameters on Surface Roughness and Material Density},
journal = {Procedia CIRP},
volume = {95},
pages = {115-120},
year = {2020},
note = {20th CIRP CONFERENCE ON ELECTRO PHYSICAL AND CHEMICAL MACHINING},
issn = {2212-8271},
doi = {10.1016/j.procir.2020.01.182},
url = {https://www.sciencedirect.com/science/article/pii/S2212827120315407},
author = {T. Zakrzewski and J. Kozak and M. Witt and M. Dębowska-Wąsak}
}
@article{OLADAPO2023165046,
title = {Net zero on 3D printing filament recycling: A sustainable analysis},
journal = {Science of The Total Environment},
volume = {894},
pages = {165046},
year = {2023},
issn = {0048-9697},
doi = {https://doi.org/10.1016/j.scitotenv.2023.165046},
url = {https://www.sciencedirect.com/science/article/pii/S0048969723036690},
author = {Bankole I. Oladapo and Oluwole K. Bowoto and Victor A. Adebiyi and Omolayo M. Ikumapayi},
keywords = {3D printing filament recycling, Net zero sustainability, Circular economy, Plastic waste management, Environmental impact of 3D printing, Closed-loop filament system},
}
@manual{steel12709,
title={Tool Steel 1.2709 / A646 / M300},
organization={SLM Solutions Group AG},
note={datasheet}
}
