@misc{gupta20193d,
  title={3D printing of metals},
  author={Gupta, Manoj},
  journal={Applied Sciences},
  volume={9},
  number={12},
  pages={2563},
  year={2019},
  publisher={MDPI}
}

