@online{SINTER_SMELT,
keywords={web},
url={https://www.marlinwire.com/blog/metal-forming-faqs-whats-the-difference-of-sintering-vs-melting},
author={{Marlin Steel Wire Products LLC}},
urldate={2023-12-13},
title={Sintering vs Melting: What's the Difference?}
}
@online{SLS_ORIENT,
%shorthand={Web 1},
keywords={web},
url={https://sinterit.com/blog/sls-technology/sls-3d-printing-orientation/},
author={{Sinterit sp. z o.o.}},
urldate={2023-08-08},
title={8 rules of SLS 3D printing model orientation.},
date={2023-05-29}
}
@online{FORMLABS_1,
%shorthand={Web 9},
keywords={web},
url={https://formlabs.com/blog/ultimate-guide-to-stereolithography-sla-3d-printing/},
author={{Formlabs GmbH}},
urldate={2023-12-06},
title={Guide to Stereolithography (SLA) 3D Printing},
}
@online{ALL3D_2,
keywords={web},
url={https://all3dp.com/1/3d-printing-cnc-guide-to-hybrid-additive-subtractive-manufacturing},
author={Ile Kauppila},
urldate={2023-07-21},
title={3D Printing \& CNC: A Guide to the Best Hybrid 3D Printers},
date={2022-11-23}
}
@online{FACUNDO_1,
%shorthand={Web 2},
keywords={web},
url={https://3dsolved.com/3d-printer-resin-can-it-be-reused/},
urldate={2023-07-20},
title={3D Printer Resin; Can it be reused?},
author={Facundo Arceo},
}
@online{ADOBLESTL,
%shorthand={Web 4},
keywords={web},
  url={https://www.adobe.com/at/creativecloud/file-types/image/vector/stl-file.html},
  author={{Adobe Systems}},
  urldate={2023-07-18},
  title={STL-Dateien.},
}
@online{3FAKTUR_1,
%shorthand={Web 5},
keywords={web},
author={{3Faktur GmbH}},
url={https://3faktur.com/en/3d-printing-materials-technologies/slm-direct-metal-3d-printing-technology-overview/},
title = {Direct Metal 3D Printing: Technology Overview},
urldate={2023-07-18}
}
@online{ADOBESTEP,
%shorthand={Web 6},
keywords={web},
author={{Adobe Systems}},
urldate={2023-11-23},
url={https://www.adobe.com/at/creativecloud/file-types/image/vector/step-file.html},
title={STEP-Dateien.},
}
@online{ALL3D_1,
%shorthand={Web 8},
keywords={web},
url={https://all3dp.com/1/directed-energy-deposition-ded-metal-3d-printing-guide/},
author={Nick Loth},
urldate={2023-07-21},
title={Directed Energy Deposition (DED) Metal 3D Printing â€“ The Ultimate Guide}
}
@online{610LSTEEL,
%shorthand={Web 7},
keywords={web},
author={{American Metals Co.}},
url={https://www.metalshims.com/t-316L-Stainless-Steel-technical-data-sheet.aspx},
urldate={2023-07-19},
title={Stainless Steel Technical Data Sheet},
}
@online{stl_1,
keywords={web},
author={{Forge Labs Inc.}},
url={https://forgelabs.com/blog/how-to-reduce-the-file-size-of-an-stl-or-obj-for-3d-printing/},
date={2022-02-17},
urldate={2023-12-16}
}
